<?xml version="1.0" encoding="UTF-8"?><collection xmlns="http://www.loc.gov/MARC21/slim"><record><leader>00335nam--2200109-i-4500</leader><controlfield tag="001">000030111</controlfield><controlfield tag="002">20161230</controlfield><controlfield tag="005">20161230201038</controlfield><controlfield tag="008">060222s1000------------r-----000-0-eng-d</controlfield><datafield ind1=" " ind2=" " tag="245"><subfield code="a">Lucrarile primei si celei de a doua conferinte asupra compusilor macromoleculari. trad.din l.rusa</subfield></datafield><datafield ind1=" " ind2=" " tag="260"><subfield code="a">Bucuresti, I.D.T., 1954, 118p.Lito</subfield></datafield><datafield ind1=" " ind2=" " tag="852"><subfield code="a">4037</subfield></datafield></record></collection>